<collection xmlns="http://www.loc.gov/MARC21/slim">
<record>
  <leader>01644nam0a2200265 i 450 </leader>
  <controlfield tag="001">IT\ICCU\CNCE\003451</controlfield>
  <controlfield tag="005">20080708000000.0</controlfield>
  <datafield tag="012" ind1=" " ind2=" ">
    <subfield code="a">sea- i-si e.i- adSt (C) 1587 (R)</subfield>
    <subfield code="2">fei</subfield>
  </datafield>
  <datafield tag="100" ind1=" " ind2=" ">
    <subfield code="a">19970101d1587        0itac0103    ba</subfield>
  </datafield>
  <datafield tag="101" ind1=" " ind2=" ">
    <subfield code="a">ITA</subfield>
  </datafield>
  <datafield tag="102" ind1=" " ind2=" ">
    <subfield code="a">IT</subfield>
  </datafield>
  <datafield tag="200" ind1="1" ind2=" ">
    <subfield code="a">Regola del santissimo et beatiss. padre Aurelio Agostino vescouo d&apos;Ippo. dottore di s. chiesa. Della commune vita de chierici. Tradotta in volgare italiano ad ammaestramento &amp; aggiutto delle religiose che sotto quella viuono. Di nouo corretta, et ristampata ad instanza et spese delle reuer. canonice regolari della congregatione Lateranense, del monasterio di Santo Sebastiano, in Rimini</subfield>
  </datafield>
  <datafield tag="210" ind1=" " ind2=" ">
    <subfield code="a">In Rimini</subfield>
    <subfield code="c">presso Giouanni Simbeni</subfield>
    <subfield code="d">1587</subfield>
    <subfield code="e">Stampata in Rimini</subfield>
    <subfield code="g">in San Giorgio antico</subfield>
    <subfield code="h">adi 8 di giugno 1587</subfield>
  </datafield>
  <datafield tag="215" ind1=" " ind2=" ">
    <subfield code="a">10 c.</subfield>
    <subfield code="c">ill.</subfield>
    <subfield code="d">4ʻ</subfield>
  </datafield>
  <datafield tag="620" ind1=" " ind2=" ">
    <subfield code="a">IT</subfield>
    <subfield code="d">Rimini</subfield>
  </datafield>
  <datafield tag="700" ind1=" " ind2="1">
    <subfield code="a">Augustinus,</subfield>
    <subfield code="b">Aurelius</subfield>
    <subfield code="c"> &lt;santo&gt;</subfield>
    <subfield code="3">IT\ICCU\CNCA\004494</subfield>
  </datafield>
  <datafield tag="712" ind1="0" ind2="0">
    <subfield code="a">Simbeni, Giovanni</subfield>
    <subfield code="3">IT\ICCU\CNCT\000829</subfield>
    <subfield code="4">650</subfield>
  </datafield>
  <datafield tag="790" ind1=" " ind2="0">
    <subfield code="a">Agostino Aurelio</subfield>
    <subfield code="c"> &lt;santo&gt;</subfield>
    <subfield code="3">IT\ICCU\CNCA\018777</subfield>
    <subfield code="z">Augustinus, Aurelius &lt;santo&gt;</subfield>
  </datafield>
  <datafield tag="790" ind1=" " ind2="0">
    <subfield code="a">Aurelius Augustinus</subfield>
    <subfield code="c"> : Hipponensis</subfield>
    <subfield code="3">IT\ICCU\CNCA\018780</subfield>
    <subfield code="z">Augustinus, Aurelius &lt;santo&gt;</subfield>
  </datafield>
  <datafield tag="791" ind1="0" ind2="0">
    <subfield code="a">Simbenius, Ioannes</subfield>
    <subfield code="3">IT\ICCU\CNCT\005671</subfield>
    <subfield code="z">Simbeni, Giovanni</subfield>
  </datafield>
  <datafield tag="791" ind1="0" ind2="0">
    <subfield code="a">Simbeneus, Ioannes</subfield>
    <subfield code="3">IT\ICCU\CNCT\005672</subfield>
    <subfield code="z">Simbeni, Giovanni</subfield>
  </datafield>
  <datafield tag="801" ind1=" " ind2="3">
    <subfield code="a">IT</subfield>
    <subfield code="b">ICCU</subfield>
    <subfield code="c">20201113</subfield>
  </datafield>
  <datafield tag="899" ind1=" " ind2=" ">
    <subfield code="a">Biblioteca civica Gambalunghiana. Rimini</subfield>
    <subfield code="1">RN0013</subfield>
    <subfield code="2">RAV RI</subfield>
  </datafield>
  <datafield tag="911" ind1=" " ind2=" ">
    <subfield code="a">Nel coloph.</subfield>
    <subfield code="9">IT\ICCU\CNCM\002334</subfield>
  </datafield>
  <datafield tag="921" ind1=" " ind2=" ">
    <subfield code="a">IT\ICCU\CNCM\002334</subfield>
    <subfield code="b">Iniziali S.B.N. attorno ad una colonna con una stella radiosa in cima. In cornice ovale all&apos;interno di cornice figurata.</subfield>
    <subfield code="c">U865</subfield>
    <subfield code="f">COLONNA</subfield>
    <subfield code="f">STELLA</subfield>
    <subfield code="f">SBN</subfield>
    <subfield code="g">1587</subfield>
  </datafield>
</record>
</collection>
